
@InProceedings{16SBG_suscity,
  author    = {Andrei Schwingel and Alisson Gonçalvez Rocha and Denise Bueno and Marlise Bock Santos and Gabriela Trindade Perry},
  title     = {SUSCITY: jogo sobre gerenciamento de recursos do SUS},
  booktitle = {SBGames},
  year      = {2016},  
}

@Book{scrumGuide,
  title  = {The Scrum Guide The Definitive Guide to Scrum: The Rules of the Game},
  year   = {2017},
  author = {Ken Schwaber and Jeff Sutherland},
  groups = {Scrum},
  url    = {http://www.scrumguides.org/index.html},
}

@Misc{UnitySite,
  author = {Unity},
  title  = {Unity User Manual},
  year   = {2018},
  url    = {https://docs.unity3d.com/Manual/UnityManual.html},
}


